@inproceedings{aggarwal2016connecting,
  title={Connecting the dots: Explaining relationships between unconnected entities in a knowledge graph},
  author={Aggarwal, Nitish and Bhatia, Sumit and Misra, Vinith},
  booktitle={European Semantic Web Conference},
  pages={35--39},
  year={2016},
  organization={Springer}
}

@book{balog2018entity,
  title={Entity-oriented search},
  author={Balog, Krisztian},
  year={2018},
  publisher={Springer}
}

@inproceedings{blanco2010finding,
  title={Finding support sentences for entities},
  author={Blanco, Roi and Zaragoza, Hugo},
  booktitle={Proceedings of the 33rd international ACM SIGIR conference on Research and development in information retrieval},
  pages={339--346},
  year={2010},
  organization={ACM}
}

@inproceedings{cardie2000examining,
  title={Examining the role of statistical and linguistic knowledge sources in a general-knowledge question-answering system},
  author={Cardie, Claire and Ng, Vincent and Pierce, David and Buckley, Chris},
  booktitle={Proceedings of the sixth conference on Applied natural language processing},
  pages={180--187},
  year={2000},
  organization={Association for Computational Linguistics}
}

@inproceedings{dalton2014entity,
  title={Entity query feature expansion using knowledge base links},
  author={Dalton, Jeffrey and Dietz, Laura and Allan, James},
  booktitle={Proceedings of the 37th international ACM SIGIR conference on Research \& development in information retrieval},
  pages={365--374},
  year={2014},
  organization={ACM}
}

@inproceedings{dietz2017trec,
  title={TREC Complex Answer Retrieval Overview.},
  author={Dietz, Laura and Verma, Manisha and Radlinski, Filip and Craswell, Nick},
  booktitle={Proceedings of {Text REtrieval Conference} (TREC)},
  year={2017}
}

@inproceedings{ferragina2010tagme,
  title={Tagme: on-the-fly annotation of short text fragments (by wikipedia entities)},
  author={Ferragina, Paolo and Scaiella, Ugo},
  booktitle={Proceedings of the 19th ACM international conference on Information and knowledge management},
  pages={1625--1628},
  year={2010},
  organization={ACM}
}


@inproceedings{guo2009named,
  title={Named entity recognition in query},
  author={Guo, Jiafeng and Xu, Gu and Cheng, Xueqi and Li, Hang},
  booktitle={Proceedings of the 32nd international ACM SIGIR conference on Research and development in information retrieval},
  pages={267--274},
  year={2009},
  organization={ACM}
}

@inproceedings{kadry2017open,
  title={Open Relation Extraction for Support Passage Retrieval: Merit and Open Issues},
  author={Kadry, Amina and Dietz, Laura},
  booktitle={Proceedings of the 40th International ACM SIGIR Conference on Research and Development in Information Retrieval},
  pages={1149--1152},
  year={2017},
  organization={ACM}
}

@article{liu2009learning,
  title={Learning to rank for information retrieval},
  author={Liu, Tie-Yan and others},
  journal={Foundations and Trends{\textregistered} in Information Retrieval},
  volume={3},
  number={3},
  pages={225--331},
  year={2009},
  publisher={Now Publishers, Inc.}
}


@article{swat,
author = {Ponza, Marco and Ferragina, Paolo and Piccinno, Francesco},
year = {2018},
month = {04},
pages = {},
title = {SWAT: A System for Detecting Salient Wikipedia Entities in Texts},
journal = {Computational Intelligence},
doi = {10.1111/coin.12216}
}

@inproceedings{stokes2001first,
  title={First story detection using a composite document representation},
  author={Stokes, Nicola and Carthy, Joe},
  booktitle={Proceedings of the first international conference on Human language technology research},
  pages={1--8},
  year={2001},
  organization={Association for Computational Linguistics}
}

@inproceedings{voskarides2015learning,
  title={Learning to explain entity relationships in knowledge graphs},
  author={Voskarides, Nikos and Meij, Edgar and Tsagkias, Manos and De Rijke, Maarten and Weerkamp, Wouter},
  booktitle={Proceedings of the 53rd Annual Meeting of the Association for Computational Linguistics and the 7th International Joint Conference on Natural Language Processing (Volume 1: Long Papers)},
  volume={1},
  pages={564--574},
  year={2015}
}